@inproceedings{buades2005non,
  title={A non-local algorithm for image denoising},
  author={Buades, Antoni and Coll, Bartomeu and Morel, J-M},
  booktitle={2005 IEEE computer society conference on computer vision and pattern recognition (CVPR'05)},
  volume={2},
  pages={60--65},
  year={2005},
  organization={Ieee}
}

@book{gonzalez2002,
    title = "Digital Image Processing",
    author = "Rafael C. Gonzalez, Richards E. Woods",
    year = 2002,
    publisher = "Prentice Hall",
    address = "Upper Saddle River, New Jersey 07458",
    isbn = 0-201-18075-8
}
